<?xml version="1.0" encoding="UTF-8"?>
<record xmlns="http://www.loc.gov/MARC21/slim" xmlns:xsi="http://www.w3.org/2001/XMLSchema-instance" xsi:schemaLocation="http://www.loc.gov/MARC21/slim http://www.loc.gov/standards/marcxml/schema/MARC21slim.xsd">
<leader>00000cam a2200301 a 4500</leader>
<controlfield tag="001">001367186</controlfield>
<controlfield tag="003">NNU</controlfield>
<controlfield tag="005">20150127213407.0</controlfield>
<controlfield tag="008">980317s1964    iq            000 1 arard</controlfield>
<datafield tag="010" ind1=" " ind2=" ">
<subfield code="a">ne 67000932</subfield>
</datafield>
<datafield tag="025" ind1=" " ind2=" ">
<subfield code="a">PL480:UAR-8151</subfield>
</datafield>
<datafield tag="035" ind1="9" ind2=" ">
<subfield code="a">NYUb11780289</subfield>
</datafield>
<datafield tag="035" ind1=" " ind2=" ">
<subfield code="a">(CStRLIN)NYUG98-B887</subfield>
</datafield>
<datafield tag="040" ind1=" " ind2=" ">
<subfield code="a">DLC</subfield>
<subfield code="c">WAU</subfield>
<subfield code="d">WAU</subfield>
<subfield code="d">CU-SB</subfield>
<subfield code="d">NNU</subfield>
</datafield>
<datafield tag="050" ind1=" " ind2="4">
<subfield code="a">PJ7711</subfield>
<subfield code="b">.B8 1964</subfield>
</datafield>
<datafield tag="066" ind1=" " ind2=" ">
<subfield code="c">(3</subfield>
</datafield>
<datafield tag="130" ind1="0" ind2=" ">
<subfield code="a">Arabian nights.</subfield>
</datafield>
<datafield tag="245" ind1="1" ind2="0">
<subfield code="6">880-01</subfield>
<subfield code="a">Alf laylah wa-laylah /</subfield>
<subfield code="c">muqābalah wa-taṣḥīḥ Muḥammad Qiṭṭah ʻAdawī.</subfield>
</datafield>
<datafield tag="246" ind1="3" ind2=" ">
<subfield code="a">Alif laila wa laila</subfield>
</datafield>
<datafield tag="246" ind1="3" ind2=" ">
<subfield code="a">Book of a thousand and one night</subfield>
</datafield>
<datafield tag="260" ind1=" " ind2=" ">
<subfield code="6">880-02</subfield>
<subfield code="a">Baghdād :</subfield>
<subfield code="b">Maktabat al-Muthanná,</subfield>
<subfield code="c">[1964?]</subfield>
</datafield>
<datafield tag="300" ind1=" " ind2=" ">
<subfield code="a">2 v. ;</subfield>
<subfield code="c">29 cm.</subfield>
</datafield>
<datafield tag="500" ind1=" " ind2=" ">
<subfield code="a">Reprint. Originally published: al-Ṭabʻah 1. Būlāq : Maṭbaʻat Būlāq, 1252 [1836 or 1837]</subfield>
</datafield>
<datafield tag="650" ind1=" " ind2="0">
<subfield code="a">Tales</subfield>
<subfield code="z">Middle East.</subfield>
</datafield>
<datafield tag="700" ind1="1" ind2=" ">
<subfield code="a">ʻAdawī, Muḥammad Qiṭṭah</subfield>
<subfield code="6">880-03</subfield>
</datafield>
<datafield tag="880" ind1="1" ind2="0">
<subfield code="6">245-01/</subfield>
<subfield code="a">الف ليلة وليلة /</subfield>
<subfield code="c">مقابلة وتصحيح محمد قطة العدوي.</subfield>
</datafield>
<datafield tag="880" ind1=" " ind2=" ">
<subfield code="6">260-02/</subfield>
<subfield code="a">بغداد :</subfield>
<subfield code="b">مكتبة المثنى،</subfield>
<subfield code="c">[1964?]</subfield>
</datafield>
<datafield tag="880" ind1="1" ind2=" ">
<subfield code="6">700-03/</subfield>
<subfield code="a">عدوي، محمد قطة.</subfield>
</datafield>
<datafield tag="OWN" ind1=" " ind2=" ">
<subfield code="a">GENERAL</subfield>
</datafield>
<datafield tag="AVA" ind1=" " ind2=" ">
<subfield code="a">NYU50</subfield>
<subfield code="b">BOBST</subfield>
<subfield code="c">Main Collection</subfield>
<subfield code="d">PJ7711 .B8 1964</subfield>
<subfield code="e">unavailable</subfield>
<subfield code="t">Unavailable</subfield>
<subfield code="f">2</subfield>
<subfield code="g">2</subfield>
<subfield code="h">Y</subfield>
<subfield code="i">4</subfield>
<subfield code="j">MAIN</subfield>
<subfield code="k">0</subfield>
</datafield>
<datafield tag="AVA" ind1=" " ind2=" ">
<subfield code="a">NYU50</subfield>
<subfield code="b">NKEV</subfield>
<subfield code="c">Main Collection</subfield>
<subfield code="d">PJ7711 .B8 1964 Non-Circulating</subfield>
<subfield code="e">available</subfield>
<subfield code="t">Available</subfield>
<subfield code="f">2</subfield>
<subfield code="g">0</subfield>
<subfield code="h">Y</subfield>
<subfield code="i">0</subfield>
<subfield code="j">MAIN</subfield>
<subfield code="k">0</subfield>
</datafield>
</record>
